@article {gq,
    AUTHOR = {Axelrod, Scott and Della Pietra, Steve and Witten, Edward},
    TITLE = {Geometric quantization of {C}hern-{S}imons gauge theory},
    JOURNAL = {J. Differential Geom.},
    FJOURNAL = {Journal of Differential Geometry},
    VOLUME = {33},
    YEAR = {1991},
    NUMBER = {3},
    PAGES = {787--902},
    ISSN = {0022-040X},
    CODEN = {JDGEAS},
    MRCLASS = {58F06 (14D20 32G13 58D27 81S10 81T40)},
    MRNUMBER = {1100212 (92i:58064)},
    MRREVIEWER = {N. J. Hitchin},
    URL = {http://projecteuclid.org/euclid.jdg/1214446565},
}

@book {wood,
    AUTHOR = {Woodhouse, N. M. J.},
    TITLE = {Geometric quantization},
    SERIES = {Oxford Mathematical Monographs},
    EDITION = {Second},
    NOTE = {Oxford Science Publications},
    PUBLISHER = {The Clarendon Press, Oxford University Press, New York},
    YEAR = {1992},
    PAGES = {xii+307},
    ISBN = {0-19-853673-9},
    MRCLASS = {58F06 (81S10)},
    MRNUMBER = {1183739 (94a:58082)},
    MRREVIEWER = {P. L. Robinson},
}

@article {witten,
    AUTHOR = {Witten, Edward},
    TITLE = {Quantum field theory and the {J}ones polynomial},
    JOURNAL = {Comm. Math. Phys.},
    FJOURNAL = {Communications in Mathematical Physics},
    VOLUME = {121},
    YEAR = {1989},
    NUMBER = {3},
    PAGES = {351--399},
    ISSN = {0010-3616},
    CODEN = {CMPHAY},
    MRCLASS = {57M25 (17B67 57N10 58D15 58D30 81E40)},
    MRNUMBER = {990772 (90h:57009)},
    MRREVIEWER = {Daniel S. Freed},
    URL = {http://projecteuclid.org/euclid.cmp/1104178138},
}

@book {hall,
    AUTHOR = {Hall, Brian C.},
    TITLE = {Quantum theory for mathematicians},
    SERIES = {Graduate Texts in Mathematics},
    VOLUME = {267},
    PUBLISHER = {Springer, New York},
    YEAR = {2013},
    PAGES = {xvi+554},
    ISBN = {978-1-4614-7115-8; 978-1-4614-7116-5},
    MRCLASS = {81-02 (46N50)},
    MRNUMBER = {3112817},
    DOI = {10.1007/978-1-4614-7116-5},
    URL = {http://dx.doi.org/10.1007/978-1-4614-7116-5},
}
