@book {mcat,
    AUTHOR = {May, J. P. and Ponto, K.},
    TITLE = {More concise algebraic topology},
    SERIES = {Chicago Lectures in Mathematics},
    NOTE = {Localization, completion, and model categories},
    PUBLISHER = {University of Chicago Press, Chicago, IL},
    YEAR = {2012},
    PAGES = {448-452},
    ISBN = {978-0-226-51178-8; 0-226-51178-2},
    MRCLASS = {55-02 (16T05 18G55 55P60)},
    MRNUMBER = {2884233},
    MRREVIEWER = {Ismar Voli{\'c}},
}
